@online{EBGuidelineEditing,
  author = {{ALICE Editorial Board}},
  title = {{Guidelines for text editing}},
  year = 2018,
  url = {https://twiki.cern.ch/twiki/bin/view/ALICE/GuidelineEditing},
  urldate = {2018-11-18}
}

@article{Acharya:2018ckj, author = "Acharya, Shreyasi and others", title = "{$\Lambda_\mathrm{c}^+$ production in Pb-Pb collisions at $\sqrt{s_{\rm NN}} = 5.02$ TeV}", collaboration = "ALICE", journal = "Submitted to: Phys. Lett.", year = "2018", eprint = "1809.10922", archivePrefix = "arXiv", primaryClass = "nucl-ex", reportNumber = "CERN-EP-2018-261", SLACcitation = "%%CITATION = ARXIV:1809.10922;%%"} 

@online{CERNpage,
  author = {CERN},
  title = {{New antimatter gravity experiments begin at CERN}},
  year = 2018,
  url = {https://home.cern/news/news/experiments/new-antimatter-gravity-experiments-begin-cern},
  urldate = {2018-11-18}
}

@online{ALICEpubpapers,
  author = {Mateusz Ploskon},
  title = {{ALICE published and submitted papers in bibtex format}},
  year = 2018,
  url = {https://raw.githubusercontent.com/matplo/alice_papers/master/twiki/alice_papers.bib},
  urldate = {2018-11-19}
}

